@InProceedings{ 542381,
	author = "N. Hansen and A. Ostermeier",
	booktitle = "Evolutionary Computation, 1996., Proceedings of IEEE International Conference on",
	title = "Adapting arbitrary normal mutation distributions in evolution strategies: the covariance matrix adaptation",
	year = "1996",
	month = "May",
	volume = "",
	number = "",
	pages = "312--317",
	keywords = "arbitrary normal mutation distributions, complex fitness functions, covariance matrix, covariance matrix adaptation, derandomised adaptation, evolutionary algorithms, evolution strategies, evolution strategy, genetic algorithms, matrix algebra, mutation distribution, mutation distributions, rotation invariance, self-adaptation, strategy parameters",
	doi = "10.1109/ICEC.1996.542381",
	ISSN = ""
}

